<?xml version="1.0" encoding="UTF-8"?><collection xmlns="http://www.loc.gov/MARC21/slim"><record><leader>00450nam--2200133-i-4500</leader><controlfield tag="001">000019391</controlfield><controlfield tag="002">20161230</controlfield><controlfield tag="005">20161230201033</controlfield><controlfield tag="008">060222s1000------------r-----000-0-eng-d</controlfield><datafield ind1=" " ind2=" " tag="080"><subfield code="a">69:620.169.1</subfield></datafield><datafield ind1=" " ind2=" " tag="100"><subfield code="a">Facaoaru, Ion</subfield></datafield><datafield ind1=" " ind2=" " tag="245"><subfield code="a">Metode moderne de incercare nedistructiva a constructiilor de beton armat. sinteza documentara</subfield></datafield><datafield ind1=" " ind2=" " tag="260"><subfield code="a">Bucuresti, Centrul De Documentare Pentru Constructii,Arhitectura Si Sistematizare, 1971 43 P</subfield></datafield><datafield ind1=" " ind2=" " tag="852"><subfield code="a">37945</subfield></datafield></record></collection>